@article{keane2011structural,
  title={{The Structural Estimation of Behavioral Models: Discrete Choice Dynamic Programming Methods and Applications}},
  author={Keane, Michael P and Todd, Petra E and Wolpin, Kenneth I},
  journal={Handbook of Labor Economics},
  volume={4},
  pages={331--461},
  year={2011},
  publisher={Elsevier}
}